<?xml version="1.0" encoding="UTF-8"?><collection xmlns="http://www.loc.gov/MARC21/slim"><record><leader>00461nam--2200193-u-4500</leader><controlfield tag="001">000052240</controlfield><controlfield tag="002">20161230</controlfield><controlfield tag="005">20161230201050</controlfield><controlfield tag="008">100601s1000------------r-----000-0-RUS-d</controlfield><datafield ind1=" " ind2=" " tag="040"><subfield code="a">IFIN-HH</subfield></datafield><datafield ind1=" " ind2=" " tag="041"><subfield code="a">RUS</subfield></datafield><datafield ind1=" " ind2=" " tag="080"><subfield code="a">519.17</subfield></datafield><datafield ind1="1" ind2=" " tag="100"><subfield code="a">Uilson,R</subfield></datafield><datafield ind1="1" ind2="0" tag="245"><subfield code="a">Vvedenie v teoriu grafov</subfield><subfield code="c">R. uilson</subfield></datafield><datafield ind1=" " ind2=" " tag="260"><subfield code="a">Moskva</subfield><subfield code="b">Mir</subfield><subfield code="c">1977</subfield></datafield><datafield ind1=" " ind2=" " tag="300"><subfield code="a">208 P</subfield></datafield><datafield ind1=" " ind2=" " tag="500"><subfield code="a">Introduction To Graph Theory</subfield></datafield><datafield ind1=" " ind2=" " tag="852"><subfield code="a">45193</subfield><subfield code="c">519.2</subfield></datafield><datafield ind1=" " ind2=" " tag="CAT"><subfield code="a">Sys</subfield><subfield code="c">20100601</subfield><subfield code="h">094629</subfield></datafield></record></collection>